<?xml version="1.0" encoding="utf-8"?>
<record xmlns="http://www.loc.gov/MARC21/slim" xmlns:xsi="http://www.w3.org/2001/XMLSchema-instance" xsi:schemaLocation="http://www.loc.gov/MARC21/slim http://www.loc.gov/standards/marcxml/schema/MARC21slim.xsd">
	<leader>     nam a22     Mi 4500</leader>
	<controlfield tag="001">6336</controlfield>
	<controlfield tag="003">aeadna</controlfield>
	<controlfield tag="006">m        d        </controlfield>
	<controlfield tag="007">cr cn |||m|||a</controlfield>
	<controlfield tag="008">220328m19051907ua 0   foar  a0d  0cara d</controlfield>
	<datafield ind1=" " ind2=" " tag="040">
		<subfield code="a">ZYU</subfield>
		<subfield code="b">ara</subfield>
		<subfield code="c">ZYU</subfield>
	</datafield>
	<datafield ind1="0" ind2=" " tag="041">
		<subfield code="a">ara</subfield>
	</datafield>
	<datafield ind1=" " ind2="4" tag="050">
		<subfield code="a">BP136.48</subfield>
		<subfield code="b">.I24</subfield>
	</datafield>
	<datafield ind1="1" ind2="0" tag="082">
		<subfield code="a">213.33092</subfield>
		<subfield code="b">21</subfield>
	</datafield>
	<datafield ind1=" " ind2=" " tag="100">
		<subfield code="6">880-01</subfield>
		<subfield code="a">Ibn Ḥajar al-ʻAsqalānī, Aḥmad ibn ʻAlī,</subfield>
		<subfield code="d">1372-1449.</subfield>
	</datafield>
	<datafield ind1="0" ind2="0" tag="245">
		<subfield code="6">880-02</subfield>
		<subfield code="a">Kitāb al-iṣābah fī tamyīz al-Ṣaḥābah</subfield>
		<subfield code="h">[electronic resource] /</subfield>
		<subfield code="c">taʼlīf Shaykh al-Islām Shihāb al-Dīn Abī al-Faḍl Aḥmad ibn ʻAlī ibn Muḥammad ibn Muḥammad ibn ʻAlī al-Kinānī al-ʻAsqalānī thumma al-Miṣrī al-Shāfiʻī al-maʻrūf bi-Ibn Ḥajar.</subfield>
	</datafield>
	<datafield ind1="3" ind2="0" tag="246">
		<subfield code="6">880-03</subfield>
		<subfield code="a">Iṣābah fī tamyīz al-Ṣaḥābah </subfield>
	</datafield>
	<datafield ind1=" " ind2=" " tag="260">
		<subfield code="6">880-04</subfield>
		<subfield code="a">al-Qāhirah :</subfield>
		<subfield code="b">Maṭbaʻat al-Saʻādah,</subfield>
		<subfield code="c">1323-1325 [1905-1907]</subfield>
	</datafield>
	<datafield ind1=" " ind2=" " tag="300">
		<subfield code="6">880-05</subfield>
		<subfield code="a">online resource (8 v. in 4)</subfield>
	</datafield>
	<datafield ind1=" " ind2=" " tag="500">
		<subfield code="a">Non-Latin script record</subfield>
	</datafield>
	<datafield ind1=" " ind2=" " tag="500">
		<subfield code="a">Part of the Arabic Collections Online (ACO) project, contributed by United Arab Emirates National Archives.</subfield>
	</datafield>
	<datafield ind1=" " ind2=" " tag="533">
		<subfield code="a">Electronic reproduction.</subfield>
		<subfield code="b">New York, N.Y. :</subfield>
		<subfield code="c">New York University,</subfield>
		<subfield code="d">2022.</subfield>
		<subfield code="5">NNU</subfield>
	</datafield>
	<datafield ind1=" " ind2="0" tag="650">
		<subfield code="6">880-06</subfield>
		<subfield code="a">Hadith</subfield>
		<subfield code="x">Authorities</subfield>
	</datafield>
	<datafield ind1=" " ind2="0" tag="650">
		<subfield code="6">880-07</subfield>
		<subfield code="a">Muḥammad, Prophet, -632--Companions</subfield>
		<subfield code="v">biography</subfield>
	</datafield>
	<datafield ind1="2" ind2=" " tag="710">
		<subfield code="a">Abu Dhabi (United Arab Emirates).</subfield>
		<subfield code="b">National Archives.</subfield>
	</datafield>
	<datafield ind1="0" ind2=" " tag="730">
		<subfield code="a">Arabic Collections Online.</subfield>
	</datafield>
	<datafield ind1="0" ind2="8" tag="776">
		<subfield code="i">Print version:</subfield>
		<subfield code="a">Ibn Ḥajar al-ʻAsqalānī, Aḥmad ibn ʻAlī, 1372-1449.</subfield>
		<subfield code="t">Kitāb al-iṣābah fī tamyīz al-Ṣaḥābah</subfield>
		<subfield code="w">(aeadna)6336</subfield>
	</datafield>
	<datafield ind1="4" ind2="0" tag="856">
		<subfield code="u">http://hdl.handle.net/2333.1/zw3r2d6c</subfield>
	</datafield>
	<datafield ind1=" " ind2=" " tag="880">
		<subfield code="6">100-01</subfield>
		<subfield code="a">ابن حجر العسقلاني، أحمد بن علي،</subfield>
		<subfield code="d">1372-1449.</subfield>
	</datafield>
	<datafield ind1="1" ind2="0" tag="880">
		<subfield code="6">245-02</subfield>
		<subfield code="a">كتاب الإصابة في تمييز الصحابة/</subfield>
		<subfield code="c">تأليف شهاب الدين أبي الفضل أحمد بن علّي بن محمد بن محمد بن علٍّي الكنتني العسقلاني ثم المصري (الشافعي) المعروف بابن حجر .</subfield>
	</datafield>
	<datafield ind1="3" ind2="0" tag="880">
		<subfield code="6">246-03</subfield>
		<subfield code="a">الإصابة في تمييز الصحابة.</subfield>
	</datafield>
	<datafield ind1=" " ind2=" " tag="880">
		<subfield code="6">260-04</subfield>
		<subfield code="a">االقاهرة :</subfield>
		<subfield code="b">مطبعة السعادة،</subfield>
		<subfield code="c">1323-1325 [1905-1907]</subfield>
	</datafield>
	<datafield ind1=" " ind2=" " tag="880">
		<subfield code="6">300-05</subfield>
		<subfield code="a">8 ج. في 4 مج. ؛</subfield>
		<subfield code="c">29 سم.</subfield>
	</datafield>
	<datafield ind1=" " ind2=" " tag="880">
		<subfield code="6">500-00</subfield>
		<subfield code="a">الورق أصفر. حالة الكتاب المادية جيدة.</subfield>
	</datafield>
	<datafield ind1=" " ind2=" " tag="880">
		<subfield code="6">500-00</subfield>
		<subfield code="a">المجلد الأول (1-2): سنة 1905.- المجلد الثاني (3-4): 1907 .- المجلد الثالث(5-6) : 1907.- المجلد الرابع (7-8): 1907.</subfield>
	</datafield>
	<datafield ind1=" " ind2=" " tag="880">
		<subfield code="6">500-00</subfield>
		<subfield code="a">طبعت هذه الّنسخة من الكتاب طبق الّنسخة المطبوعة سنة (1853م) في بلدة كلكتا بعد مقابلتها على الّنسخة الخّطية المحفوظة في دار الكتب بالأزهر الشريف بمصر ثم على على الّنسخة الموقوفة  على طلبة العلم برواق الشوام من الأزهر المذكور.</subfield>
	</datafield>
	<datafield ind1=" " ind2=" " tag="880">
		<subfield code="6">500-00</subfield>
		<subfield code="a">نبذة من سيرة المؤلف: ُمحِّدث وعالم مسلم، شافعي المذهب، ُلقب بعدة ألقاب منها شيخ الإسلام وأمير المؤمنين في الحديث، أصله من مدينة عسقلان، ولد الحافظ ابن حجر العسقلاني في شهر شعبان سنة 773 هـ في الفسطاط، توفي والده وهو صغير، فترّبى في حضانة أحد أوصياء أبيه، ودرس العلم، وتوّلى التدريس.  ولع بالأدب والشعر ثم أقبل على علم الحديث، ورحل داخل مصر وإلى اليمن والحجاز والشام وغيرها لسماع الشيوخ، وعمل بالحديث وشرح صحيح البخاري في كتابه فتح الباري، فاشتهر اسمه، قال السخاوي: &amp;#xab;انتشرت مصنفاته في حياته وتهادتها الملوك وكتبها الأكابر.&amp;#xbb;، وله العديد من المصنفات الأخرى، عَّدها السخاوي 270 مصنًفا، وذكر السيوطي أنها 200 مصنف. وقد تنوعت مصنفاته، فصنف في علوم القرآن، وعلوم الحديث، والفقه، والتاريخ، وغير ذلك من أشهرها: تقريب التهذيب، ولسان الميزان، والدرر الكامنة في أعيان المائة الثامنة، وألقاب الرواة، وغيرها،  تولى ابن حجر الإفتاء واشتغل في دار العدل وكان قاضي قضاة الشافعية. وعني ابن حجر عناية فائقة بالتدريس، واشتغل به ولم يكن يصرفه عنه شيء حتى أيام توليه القضاء والإفتاء، وقد دّرس في أشهر المدارس في العالم الإسلامي في عهده من مثل: المدرسة الشيخونية والمحمودية والحسنية والبيبرسية والفخرية والصلاحية والمؤيدية ومدرسة جمال الدين الأستادار في القاهرة. توفي في 852 هـ بالقاهرة.</subfield>
	</datafield>
	<datafield ind1=" " ind2=" " tag="880">
		<subfield code="6">500-00</subfield>
		<subfield code="a">تمام الجزء الأول: حرملة بن خالد. ويليه الجزء الثاني وأوله 1659 حرملة بن زيد الانصاري. ويليه الجز الثالث واوله حرف الزاي المنقوطة وتمامه4326 &quot;ظالم&quot; بن عمرو بن سفيان ابو الأسود الدؤلي.- ويليه الجزء الرابع وأوله حرف العين المهملة&quot;عابد بن السائب وتمامه 5875 &quot;عمرو&quot; بن طلق بن زيد بن أمية بن كعب بن غنم بن سواد الأنصاري. ويليه الجزء الخامس واوله ترجمة سيدنا عمرو بن العاص بن وائل بن هاشم بن سعيد بن سهم بن عمرو بن هصيص بن كعب بن لؤي القرشي السهمي. وتمامه 7525 &quot;كندر&quot; بن سعيد بن حيوة. ويليه الجزء السادس واوله حرف اللام &quot;لاحب&quot; بن مالك بن سعد الله بن جعيل . وتمامه 8477 &quot;يونس&quot; النصاري الظفري أبو محمد . ويله الجزء السابع&quot; وأوله باب الكنى : حرف الهمزة &quot;أبو أمية&quot; الفزاري وتمامه 1257&quot;أبو يزيد&quot; بن أبي مريم. ويليه الجز الثامن وأوله كتاب الّنساء &quot;حرف الألف&quot; &quot;آسية&quot; بنت الحارث السعدية أخت النبي صلى الله عليه وسلم من الّرضاعة.وتمامه 1545 &quot;أم يحيى&quot; استدركها أبو موسى...  .</subfield>
	</datafield>
	<datafield ind1=" " ind2=" " tag="880">
		<subfield code="6">520-00</subfield>
		<subfield code="a">من أهّم وأوسع ما ألف من الكتب في تاريخ الإسلام على الإطلاق، وموضوعه التمييز بين الصحابة: من صحت صحبته ومن لم تصح، ومن صح وجوده أو لم يصح. ومجموع تراجمه ( 12446 ) ترجمة</subfield>
	</datafield>
	<datafield ind1=" " ind2=" " tag="880">
		<subfield code="6">520-00</subfield>
		<subfield code="a">استمّد كتاب الإصابة للحافظ ابن حجر -رحمه الله- أهميته ومكانته العالية في مجال العلم بالصحابة من نقاط عّدة مّيزته عن غيره من الكتب التي اعتنت بنفس المجال، منها. جمع ابن حجر -رحمه الله- في كتاب الإصابة ما كتبه من سبقه في علم الصحابة، وأعاد البحث والتنقيب في المراجع القديمة الأولى التي تّم تأليفها وتصنيفها فيما يتعّلق بسير الصحابة رضوان الله عليهم، وتاريخ الرواة، والسير والمغازي، وبذلك جمع عددًا من أسماء الصحابة الذين لم يذكروا في مصنفات غيره، واعتمد في منهجية تأليفه للكتاب على ترتيب أسماء الصحابة وفق أحرف المعجم، فيبدأ بحرف الألف أولًا، ثّم الباء ثّم التاء وهكذا، وقسم كّل حرف منهم إلى أربعة أقسام، ووّضح ثبوت التقاء كلًا منهم برسول الله -صّلى الله عليه وسّلم- من عدمه، كما أشار إلى ما كان مذكورًا من الأسماء في مصّنفات ومؤلفات أخرى على سبيل الوهم والغلط . ومنهجية الحافظ أنه اجتهد بضبط الأسماء والألفاظ في الغالب، وكان يحرص على ذكر عّمن روى كّل راوي ومن روى عنه أيضًا، كما كان يعيد بعض التراجم إن كان الاسم محتملًا بين اثنين، فيترجمه مّرًة عند موضع كّل احتمال بحسب مكانه من حروف الهجاء، وقد استخدم كثيرًا في كتابه أسلوب الإحالة للقارئ على ما سبق ذكره في الكتاب، أو ما سيأتي ذكره لاحقًا، أّما طول التراجم في الكتاب فقد تتفاوت تفاوتًا كبيرًا، فبعضها لم يتجاوز أسطرًا قليلة، والآخر بلغ عددًا كبيرًا من الصفحات.</subfield>
	</datafield>
	<datafield ind1=" " ind2=" " tag="880">
		<subfield code="6">541-00</subfield>
		<subfield code="a">هدية سمو الشيخ فالح بن ناصر آل ثاني إلى مكتبة مركز الوثائق والدراسات أبو ظبي.</subfield>
	</datafield>
	<datafield ind1=" " ind2="4" tag="880">
		<subfield code="6">650-06</subfield>
		<subfield code="a">الحديث</subfield>
		<subfield code="v">تراجم الرواة</subfield>
	</datafield>
	<datafield ind1=" " ind2="4" tag="880">
		<subfield code="6">650-07</subfield>
		<subfield code="a">الصحابة والتابعون</subfield>
		<subfield code="v">تراجم</subfield>
	</datafield>
	<datafield ind1=" " ind2=" " tag="880">
		<subfield code="6">949-00</subfield>
		<subfield code="a">213.33092 ح ج &amp;#xfffd;DF&amp;#xfffd; ت</subfield>
		<subfield code="v">1</subfield>
		<subfield code="w">DDC</subfield>
		<subfield code="i">30018000012073</subfield>
		<subfield code="u">06/22/2003</subfield>
		<subfield code="d">04/26/2010</subfield>
		<subfield code="e">12/26/2006</subfield>
		<subfield code="n">1</subfield>
		<subfield code="t">Book</subfield>
		<subfield code="l">i</subfield>
		<subfield code="m">MAIN</subfield>
		<subfield code="j">0</subfield>
		<subfield code="x">RAR</subfield>
	</datafield>
	<datafield ind1=" " ind2=" " tag="880">
		<subfield code="6">949-00</subfield>
		<subfield code="a">213.33092 ح ج &amp;#xfffd;DF&amp;#xfffd; ت</subfield>
		<subfield code="v">2</subfield>
		<subfield code="w">DDC</subfield>
		<subfield code="i">30018000012074</subfield>
		<subfield code="u">06/22/2003</subfield>
		<subfield code="d">04/26/2010</subfield>
		<subfield code="e">12/26/2006</subfield>
		<subfield code="n">1</subfield>
		<subfield code="t">Book</subfield>
		<subfield code="l">i</subfield>
		<subfield code="m">MAIN</subfield>
		<subfield code="j">0</subfield>
		<subfield code="x">RAR</subfield>
	</datafield>
	<datafield ind1=" " ind2=" " tag="880">
		<subfield code="6">949-00</subfield>
		<subfield code="a">213.33092 ح ج &amp;#xfffd;DF&amp;#xfffd; ت</subfield>
		<subfield code="v">3</subfield>
		<subfield code="w">DDC</subfield>
		<subfield code="i">30018000012075</subfield>
		<subfield code="u">06/22/2003</subfield>
		<subfield code="d">04/26/2010</subfield>
		<subfield code="e">12/26/2006</subfield>
		<subfield code="n">1</subfield>
		<subfield code="t">Book</subfield>
		<subfield code="l">i</subfield>
		<subfield code="m">MAIN</subfield>
		<subfield code="j">0</subfield>
		<subfield code="x">RAR</subfield>
	</datafield>
	<datafield ind1=" " ind2=" " tag="880">
		<subfield code="6">949-00</subfield>
		<subfield code="a">213.33092 ح ج &amp;#xfffd;DF&amp;#xfffd; ت</subfield>
		<subfield code="v">4</subfield>
		<subfield code="w">DDC</subfield>
		<subfield code="i">30018000012076</subfield>
		<subfield code="u">06/22/2003</subfield>
		<subfield code="d">04/26/2010</subfield>
		<subfield code="e">12/26/2006</subfield>
		<subfield code="n">1</subfield>
		<subfield code="t">Book</subfield>
		<subfield code="l">i</subfield>
		<subfield code="m">MAIN</subfield>
		<subfield code="j">0</subfield>
		<subfield code="x">RAR</subfield>
	</datafield>
	<datafield ind1=" " ind2=" " tag="959">
		<subfield code="a">NNU</subfield>
		<subfield code="b">WEB</subfield>
		<subfield code="c">GENI</subfield>
		<subfield code="t">0</subfield>
		<subfield code="m">Electronic access</subfield>
		<subfield code="s">01</subfield>
	</datafield>
	<datafield ind1=" " ind2=" " tag="999">
		<subfield code="i">aeadna_6336</subfield>
		<subfield code="s">uaena_aco000081:1</subfield>
		<subfield code="s">uaena_aco000082:2</subfield>
		<subfield code="s">uaena_aco000083:3</subfield>
		<subfield code="s">uaena_aco000084:4</subfield>
		<subfield code="e">(ERROR-880)</subfield>
		<subfield code="s">uaena_aco000081:1</subfield>
		<subfield code="s">uaena_aco000082:2</subfield>
		<subfield code="s">uaena_aco000083:3</subfield>
		<subfield code="s">uaena_aco000084:4</subfield>
	</datafield>
</record>
